@article{Birgisson2007,
author = {Birgisson, Arnar and Kristj\'{a}nsson, BE},
file = {:Users/goe/Library/Application Support/Mendeley Desktop/Downloaded/Birgisson, Kristj\'{a}nsson - 2007 - Immersion through head-tracking.pdf:pdf},
journal = {hvergi.net},
title = {{Immersion through head-tracking}},
url = {http://www.hvergi.net/arnar/public/papers/headtracking.pdf},
year = {2007}
}
@article{Bo2009,
author = {Bo, A. and Poignet, Philippe and Geny, Christian},
file = {:Users/goe/Library/Application Support/Mendeley Desktop/Downloaded/Poignet, Geny - 2009 - Filtering Voluntary Motion for Pathological Tremor Compensation.pdf:pdf},
journal = {International Conference on Intelligents Robots and Systems},
title = {{Filtering voluntary motion for pathological tremor compensation}},
url = {http://hal-lirmm.ccsd.cnrs.fr/lirmm-00412950/},
year = {2009}
}
@article{Caridakis2008,
author = {Caridakis, George and Diamanti, Olga and Karpouzis, K and P},
file = {:Users/goe/Documents/Mis eBooks/Automatic Sign Language Recognition.pdf:pdf},
journal = {Proceedings of the 1st},
keywords = {geodesic active contour models,gesture recognition,hidden markov models,image seg-,maps,markov models,mentation,optical flow,self-organizing,sign language recognition},
title = {{Automatic Sign Language Recognition: vision based feature extraction and probabilistic recognition scheme from multiple cues}},
url = {http://portal.acm.org/citation.cfm?id=1389586.1389687},
year = {2008}
}
@article{DeLima2006,
author = {de Lima, R. and Others},
file = {:Users/goe/Library/Application Support/Mendeley Desktop/Downloaded/de Lima, others - 2006 - Reducci\'{o}n activa de temblor patol\'{o}gico en miembros superior mediante exoesqueletos rob\'{o}ticos.pdf:pdf},
publisher = {Universidad Polit\'{e}cnica de Madrid},
title = {{Reducci\'{o}n activa de temblor patol\'{o}gico en miembros superior mediante exoesqueletos rob\'{o}ticos}},
url = {http://dialnet.unirioja.es/servlet/tesis?codigo=19965},
year = {2006}
}
@article{Deering1992,
author = {Deering, Michael},
doi = {10.1145/142920.134039},
file = {:Users/goe/Library/Application Support/Mendeley Desktop/Downloaded/Deering - 1992 - High resolution virtual reality(2).pdf:pdf},
issn = {00978930},
journal = {ACM SIGGRAPH Computer Graphics},
month = jul,
number = {2},
pages = {195--202},
title = {{High resolution virtual reality}},
url = {http://portal.acm.org/citation.cfm?doid=142920.134039},
volume = {26},
year = {1992}
}
@phdthesis{GonzalezISabate,
author = {{Gonz\'{a}lez I Sabat\'{e}}, Jordi},
file = {:Users/goe/Library/Application Support/Mendeley Desktop/Downloaded/Gonz\'{a}lez I Sabat\'{e} - Unknown - Human Sequence Evaluation the Key-frame Approach.pdf:pdf},
title = {{Human Sequence Evaluation: the Key-frame Approach}}
}
@article{Inc.,
author = {Inc., AiLive},
file = {:Users/goe/Library/Application Support/Mendeley Desktop/Downloaded/Unknown - Unknown - LiveMove White Paper ∗ The Problem Recognizing Motions.pdf:pdf},
journal = {Writing},
pages = {1--8},
title = {{LiveMove White Paper ∗ The Problem : Recognizing Motions}}
}
@article{Karam,
author = {Karam, Maria and Schraefel, M.C.},
file = {:Users/goe/Library/Application Support/Mendeley Desktop/Downloaded/Karam - Unknown - A taxonomy of Gestures in Human Computer Interaction(2).pdf:pdf},
journal = {Technical Report ECSTR-IAM05-009},
pages = {1--45},
title = {{A taxonomy of Gestures in Human Computer Interaction}},
year = {2005}
}
@inproceedings{loper09,
author = {Loper, Matthew M and Koenig, Nathan P and Chernova, Sonia H and Jones, Chris V and Jenkins, Odest Chadwicke},
booktitle = {(HRI, to appear)},
file = {:Users/goe/Library/Application Support/Mendeley Desktop/Downloaded/Loper et al. - 2009 - Mobile Human-Robot Teaming with Environmental Tolerance.pdf:pdf},
title = {{Mobile Human-Robot Teaming with Environmental Tolerance}},
year = {2009}
}
@article{Mena,
author = {Mena, Oscar and Unzueta, Luis and Sierra, Basilio and Matey, Luis},
file = {:Users/goe/Library/Application Support/Mendeley Desktop/Downloaded/Mena et al. - Unknown - Temporal Nearest End-Effectors for Real-Time Full-Body Human Actions Recognition(2).pdf:pdf},
journal = {Proceedings of the IEEE},
keywords = {articulated,end-effectors,human action recognition,human tracking,motion},
pages = {269--278},
title = {{Temporal Nearest End-Effectors for Real-Time Full-Body Human Actions Recognition}}
}
@article{Mitra2007,
author = {Mitra, S. and Acharya, T.},
file = {:Users/goe/Library/Application Support/Mendeley Desktop/Downloaded/Mitra, Acharya - 2007 - Gesture recognition A survey.pdf:pdf},
journal = {IEEE Transactions on Systems, Man, and Cybernetics, Part C: Applications and Reviews},
number = {3},
pages = {311--324},
title = {{Gesture recognition: A survey}},
url = {http://scholar.google.com/scholar?hl=en\&btnG=Search\&q=intitle:Gesture+Recognition+:+A+Survey\#0},
volume = {37},
year = {2007}
}
@article{Rigoll1997,
author = {Rigoll, G. and Kosmala, A. and Eickeler, S.},
file = {:Users/goe/Documents/Mis eBooks/High Performance Real-Time Gesture Recognition Using Hidden Markov Models - Unknown - Unknown.pdf:pdf},
journal = {Gesture and sign language in human-computer interaction},
pages = {69--80},
publisher = {Springer},
title = {{High Performance Real-Time Gesture Recognition Using Hidden Markov Models}},
url = {http://www.springerlink.com/index/M7005V404HQ78V26.pdf},
year = {1997}
}
@article{Schlomer2008,
address = {New York, New York, USA},
author = {Schl\"{o}mer, Thomas and Poppinga, Benjamin and Henze, Niels and Boll, Susanne},
doi = {10.1145/1347390.1347395},
file = {:Users/goe/Library/Application Support/Mendeley Desktop/Downloaded/Schl\"{o}mer et al. - 2008 - Gesture recognition with a Wii controller.pdf:pdf},
isbn = {9781605580043},
journal = {Proceedings of the 2nd international conference on Tangible and embedded interaction - TEI '08},
pages = {11},
publisher = {ACM Press},
title = {{Gesture recognition with a Wii controller}},
url = {http://portal.acm.org/citation.cfm?doid=1347390.1347395},
year = {2008}
}
@article{Sridhar,
author = {Sridhar, Muralikrishna and Mandalapu, Dinesh and Patel, Mehul},
file = {:Users/goe/Documents/Mis eBooks/Clasificador activo DTW.pdf:pdf},
journal = {in Handwriting Recognition (La},
keywords = {active shape model,deformations,dtw,eigen-,generative classifiers},
title = {{Active-dtw: a generative classifier that combines elastic matching with active shape modeling for online handwritten character recognition}},
url = {http://hal.ccsd.cnrs.fr/docs/00/10/47/82/PDF/cr1099193116304.pdf},
year = {2006}
}
@article{Stavness2010,
author = {Stavness, Ian and Lam, Billy and Fels, Sidney},
file = {:Users/goe/Library/Application Support/Mendeley Desktop/Downloaded/Stavness, Lam, Fels - 2010 - pCubee A Perspective-Corrected Handheld Cubic Display.pdf:pdf},
journal = {Proceedings of the 28th international conference on Human factors in computing systems},
pages = {1381--1390},
publisher = {ACM},
title = {{pCubee: a perspective-corrected handheld cubic display}},
url = {http://portal.acm.org/citation.cfm?id=1753326.1753535},
year = {2010}
}
@article{Stiefmeier,
author = {Stiefmeier, Thomas and Roggen, Daniel and Tr\"{o}ster, Gerhard},
file = {:Users/goe/Library/Application Support/Mendeley Desktop/Downloaded/Stiefmeier, Roggen, Tr\"{o}ster - Unknown - Gestures are Strings Efficient Online Gesture Spotting and Classification using String Matching.pdf:pdf},
journal = {Proceedings of the ICST 2nd international conference on Body area networks},
pages = {16},
publisher = {ICST (Institute for Computer Sciences, Social-Informatics and Telecommunications Engineering)},
title = {{Gestures are strings: Efficient online gesture spotting and classification using string matching}},
url = {http://portal.acm.org/citation.cfm?id=1460248},
year = {2007}
}
@article{Welch1995,
author = {Welch, Greg and Bishop, Gary},
file = {:Users/goe/Library/Application Support/Mendeley Desktop/Downloaded/Welch, Bishop - 2006 - An Introduction to the Kalman Filter.pdf:pdf},
journal = {University of North Carolina at Chapel Hill, Chapel Hill, NC},
pages = {1--16},
publisher = {Citeseer},
title = {{An introduction to the Kalman filter}},
url = {http://citeseerx.ist.psu.edu/viewdoc/download?doi=10.1.1.79.6578\&amp;rep=rep1\&amp;type=pdf},
year = {1995}
}
